@inproceedings{Isola2017,
    author = {Isola, Phillip and Zhu, Jun-Yan and Zhou, Tinghui and Efros, Alexei A.},
    title = {Image-to-Image Translation with Conditional Adversarial Networks},
    year = {2017},
    booktitle = {Proceedings of the IEEE Conference on Computer Vision and Pattern Recognition (CVPR)},
    pages = {1125–1134}
}

@inproceedings{Zhu2017,
    author = {Zhu, Jun-Yan and Park, Taesung and Isola, Phillip and Efros, Alexei A.},
    title = {Unpaired Image-to-Image Translation Using Cycle-Consistent Adversarial Networks},
    year = {2017},
    booktitle = {Proceedings of the IEEE International Conference on Computer Vision (ICCV)},
    pages = {2223–2232}
}

@article{Goodfellow2014,
    author = {Goodfellow, Ian and Pouget-Abadie, Jean and Mirza, Mehdi and Xu, Bing and Warde-Farley, David and Ozair, Sherjil and Courville, Aaron and Bengio, Yoshua},
    title = {Generative Adversarial Nets},
    year = {2014},
    journal = {Advances in Neural Information Processing Systems},
    volume = {27}
}

@inproceedings{Ronneberger2015,
    author = {Ronneberger, Olaf and Fischer, Philipp and Brox, Thomas},
    title = {U-Net: Convolutional Networks for Biomedical Image Segmentation},
    year = {2015},
    booktitle = {Medical Image Computing and Computer-Assisted Intervention (MICCAI)},
    volume = {9351},
    pages = {234–241},
    series = {Lecture Notes in Computer Science}
}
