@article{lecun1998gradient,
  title   = {Gradient-based learning applied to document recognition},
  author  = {LeCun, Yann and Bottou, L{\'e}on and Bengio, Yoshua and Haffner, Patrick},
  journal = {Proceedings of the IEEE},
  volume  = {86},
  number  = {11},
  pages   = {2278--2324},
  year    = {1998}
}

@article{kingma2014adam,
  title   = {Adam: A method for stochastic optimization},
  author  = {Kingma, Diederik P and Ba, Jimmy},
  journal = {arXiv preprint arXiv:1412.6980},
  year    = {2014}
}

@article{kingma2013auto,
  title   = {Auto-Encoding Variational Bayes},
  author  = {Kingma, Diederik P and Welling, Max},
  journal = {arXiv preprint arXiv:1312.6114},
  year    = {2013}
}

@article{higgins2016beta,
  title   = {$\beta$-VAE: Learning Basic Visual Concepts with a Constrained Variational Framework},
  author  = {Higgins, Irina and Matthey, Loic and Pal, Arka and Burgess, Christopher and Glorot, Xavier and Botvinick, Matthew and Mohamed, Shakir and Lerchner, Alexander},
  journal = {ICLR},
  year    = {2017}
}

@article{goodfellow2014generative,
  title   = {Generative Adversarial Nets},
  author  = {Goodfellow, Ian and Pouget-Abadie, Jean and Mirza, Mehdi and Xu, Bing and Warde-Farley, David and Ozair, Sherjil and Courville, Aaron and Bengio, Yoshua},
  journal = {Advances in Neural Information Processing Systems},
  volume  = {27},
  year    = {2014}
}

@article{vahdat2020nvae,
  title   = {NVAE: A Deep Hierarchical Variational Autoencoder},
  author  = {Vahdat, Arash and Kautz, Jan},
  journal = {Advances in Neural Information Processing Systems},
  volume  = {33},
  pages   = {19667--19679},
  year    = {2020}
}
