@article{mortezapour2025comprehensive,
  title={A Comprehensive Overview and Comparative Analysis on Deep Learning Models: CNN, RNN, LSTM, GRU},
  author={Mortezapour Shiri, Farhad and others},
  journal={arXiv preprint arXiv:2305.17473},
  year={2025},
  note={Available at: \url{https://arxiv.org/abs/2305.17473}}
}

@misc{mlmastery2025breakthrough,
  title={5 Breakthrough Machine Learning Research Papers Already in 2025},
  author={MachineLearningMastery.com},
  year={2025},
  note={Available at: \url{https://machinelearningmastery.com/5-breakthrough-machine-learning-research-papers-already-in-2025/}}
}

@article{mdpi2025review,
  title={A Comprehensive Review of Deep Learning: Architectures, Recent Advances, and Applications},
  journal={Sensors},
  volume={15},
  number={12},
  pages={755},
  year={2025},
  publisher={MDPI},
  note={Available at: \url{https://www.mdpi.com/2078-2489/15/12/755}}
}

@misc{networkencyclopedia2025rnn,
  title={Recurrent Neural Networks and the Secrets of Sequence Learning},
  author={Network Encyclopedia},
  year={2025},
  note={Available at: \url{https://networkencyclopedia.com/recurrent-neural-networks/}}
}

@misc{wikipedia2025rnn,
  title={Recurrent neural network},
  author={Wikipedia},
  year={2025},
  note={Available at: \url{https://en.wikipedia.org/wiki/Recurrent_neural_network}}
}

@misc{geeksforgeeks2025gru,
  title={Gated Recurrent Unit Networks},
  author={GeeksforGeeks},
  year={2025},
  note={Available at: \url{https://www.geeksforgeeks.org/machine-learning/gated-recurrent-unit-networks/}}
}

@misc{mltut2025books,
  title={10 Best Books on Neural Networks and Deep Learning in 2025},
  author={MLTUT},
  year={2025},
  note={Available at: \url{https://www.mltut.com/best-books-on-neural-networks-and-deep-learning/}}
}

@misc{medium2025rnn,
  title={Recurrent Neural Network (RNN)},
  author={Rishabh Singh},
  year={2025},
  note={Available at: \url{https://medium.com/@RobuRishabh/recurrent-neural-network-rnn-8412b9abd755}}
}

@misc{analyticsvidhya2025rnn,
  title={What is Recurrent Neural Networks (RNN)?},
  author={Analytics Vidhya},
  year={2025},
  note={Available at: \url{https://www.analyticsvidhya.com/blog/2022/03/a-brief-overview-of-recurrent-neural-networks-rnn/}}
}

@misc{ibm2025rnn,
  title={What is a Recurrent Neural Network (RNN)?},
  author={IBM},
  year={2025},
  note={Available at: \url{https://www.ibm.com/think/topics/recurrent-neural-networks}}
}

@misc{javarevisited2025books,
  title={Top 6 Books for AI and Machine Learning Engineers in 2025},
  author={javinpaul},
  year={2025},
  note={Available at: \url{https://medium.com/javarevisited/top-6-books-for-ai-and-machine-learning-engineers-in-2025-6b5db309d456}}
}

@misc{mlmastery2025roadmap,
  title={The Roadmap for Mastering Machine Learning in 2025},
  author={MachineLearningMastery.com},
  year={2025},
  note={Available at: \url{https://machinelearningmastery.com/roadmap-mastering-machine-learning-2025/}}
}

@misc{datacamp2025books,
  title={Top 11 Deep Learning Books to Read in 2025},
  author={DataCamp},
  year={2025},
  note={Available at: \url{https://www.datacamp.com/blog/top-10-deep-learning-books-to-read-in-2022}}
}

@misc{aws2025rnn,
  title={What is RNN? - Recurrent Neural Networks Explained},
  author={AWS},
  year={2025},
  note={Available at: \url{https://aws.amazon.com/what-is/recurrent-neural-network/}}
}

@misc{coursera2025books,
  title={Unlock Machine Learning: 9 Books for Beginners in 2025},
  author={Coursera},
  year={2025},
  note={Available at: \url{https://www.coursera.org/articles/machine-learning-books}}
}

@misc{retractionwatch2025citations,
  title={Springer Nature book on machine learning is full of made-up citations},
  author={Retraction Watch},
  year={2025},
  note={Available at: \url{https://retractionwatch.com/2025/06/30/springer-nature-book-on-machine-learning-is-full-of-made-up-citations/}}
}

@misc{medium2025rnnbooks,
  title={Recurrent Neural Networks Books},
  author={Amit Kumar},
  year={2025},
  note={Available at: \url{https://medium.com/@amit25173/recurrent-neural-networks-books-04245cab0085}}
}

@misc{bugspotter2025books,
  title={Top 20 Machine Learning Books in 2025},
  author={BUGSPOTTER},
  year={2025},
  note={Available at: \url{https://bugspotter.in/top-20-machine-learning-books-in-2025/}}
}

@misc{openassociation2025books,
  title={10 Free Machine Learning Books For 2025},
  author={Open Association of Research Society, United States},
  year={2025},
  note={Available at: \url{https://associationofresearch.org/10-free-machine-learning-books-for-2025/}}
}

@misc{fivebooks2025ai,
  title={The Best AI Books in 2025},
  author={Five Books Expert Recommendations},
  year={2025},
  note={Available at: \url{https://fivebooks.com/best-books/the-best-ai-books-in-2025-chatgpt/}}
}

@misc{medium2025neuralnetworks,
  title={Exploring Neural Networks and Deep Learning: AI in 2025},
  author={Vaishnavi Yada (Amira)},
  year={2025},
  note={Available at: \url{https://medium.com/@vaishnaviyada/exploring-neural-networks-and-deep-learning-ai-in-2025-7beac14d6c6f}}
}

@misc{devcommunity2025books,
  title={10 Must-Read AI and LLM Engineering Books for Developers in 2025},
  author={somadevtoo},
  year={2025},
  note={Available at: \url{https://dev.to/somadevtoo/10-must-read-ai-and-llm-engineering-books-for-developers-in-2025-129j}}
}
