@misc{ syT0826,
  author = { Raul E. S\'{a}nchez-Ya√±ez},
  title  = {Tarea(para el 0826): Caractersticas a Partir de Histogramas de Sumas y de Diferencias},
  year   = {2025}
}

@BOOK{Jain1988-vs,
  title     = "Fundamentals of digital image processing",
  author    = "Jain, Anil K",
  publisher = "Pearson",
  month     =  sep,
  year      =  1988,
  address   = "Upper Saddle River, NJ",
  language  = "en"
}

@online{sonymage_TexturaVisual,
  title     = "Textura Visual: Ejemplos y Definicion",
  author    = "Sonymage",
  url       = "https://sonymage.es/textura-visual-ejemplos-y-definicion/?expand_article=1",
  year      = 2023
}

@online{drawpaintaVET,
  url       = "https://drawpaintacademy.com/visual-element-texture/",
  author    = "Dan Scott",
  title     = "Visual Element Texture",
  year      = 2018
}
