@online{PARULAMUSTREAD,
  author = {Parul Singh},
  title = {A Must-Read History of Artificial Intelligence},
  year = 2020,
  url = {https://cyfuture.com/blog/history-of-artificial-intelligence/},
}

@book{ekman2021learning,
  title={Learning Deep Learning: Theory and Practice of Neural Networks, Computer Vision, Natural Language Processing, and Transformers Using TensorFlow},
  author={Ekman, M.},
  isbn={9780137470297},
  url={https://books.google.com.mx/books?id=wNnPEAAAQBAJ},
  year={2021},
  publisher={Pearson Education}
}

@book{haykin2009neural,
  title={Neural Networks and Learning Machines},
  author={Haykin, S.S.},
  number={v. 10},
  isbn={9780131471399},
  lccn={2008034079},
  series={Neural networks and learning machines},
  url={https://books.google.com.mx/books?id=K7P36lKzI_QC},
  year={2009},
  publisher={Prentice Hall}
}

@online{SKLEARN_MLP,
  url={https://scikit-learn.org/stable/modules/generated/sklearn.neural_network.MLPClassifier.html},
  title={MLPClassifier},
  author={scikit-learn},
}

@online{QUARTODOCUMENTATION,
    author = {quarto},
    title = {PDF Options},
    url = {https://quarto.org/docs/reference/formats/pdf.html},
}

@online{QUARTOWELCOME,
    author = {quarto},
    title = {Welcome Page},
    url = {https://quarto.org},
}

@online{QUARTOGUIDE,
    author = {quarto},
    title = {Guide},
    url = {https://quarto.org/docs/guide/},
}
