@inproceedings{Pouyan2017,
  title = {A pressure map dataset for posture and subject analytics},
  url = {http://dx.doi.org/10.1109/BHI.2017.7897206},
  DOI = {10.1109/bhi.2017.7897206},
  booktitle = {2017 IEEE EMBS International Conference on Biomedical \& Health Informatics (BHI)},
  publisher = {IEEE},
  author = {Pouyan,  M. Baran and Birjandtalab,  J. and Heydarzadeh,  M. and Nourani,  M. and Ostadabbas,  S.},
  year = {2017},
  pages = {65â€“68}
}

@article{Bishop2006,
  title={Pattern recognition and machine learning},
  author={Bishop, Christopher M.},
  year={2006},
  publisher={Springer}
}

@article{Zhou2012,
  title={Ensemble methods: foundations and algorithms},
  author={Zhou, Zhi-Hua},
  year={2012},
  publisher={CRC Press}
}

@inproceedings{He2009,
  title={Learning from imbalanced data},
  author={He, Haibo and Garcia, Edwardo A.},
  booktitle={2009 Ninth IEEE International Conference on Data Mining},
  pages={957--960},
  year={2009},
  doi={10.1109/ICDM.2009.41}
}

@article{Chawla2002,
  title={SMOTE: Synthetic minority over-sampling technique},
  author={Chawla, Nitesh V. and Bowyer, Kevin W. and Hall, Lawrence O. and Kegelmeyer, W. Philip},
  journal={Journal of Artificial Intelligence Research},
  volume={16},
  pages={321--357},
  year={2002},
  doi={10.1613/jair.953}
}

@article{Cover1967,
  title={Nearest neighbor pattern classification},
  author={Cover, Thomas and Hart, Peter},
  journal={IEEE Transactions on Information Theory},
  volume={13},
  number={1},
  pages={21--27},
  year={1967},
  doi={10.1109/TIT.1967.1053964}
}

@article{Pedregosa2011,
  title={Scikit-learn: Machine learning in Python},
  author={Pedregosa, Fabian and Varoquaux, Ga{\"e}l and Gramfort, Alexandre and Michel, Vincent and Thirion, Bertrand and Grisel, Olivier and Blondel, Mathieu and Prettenhofer, Peter and Weiss, Ron and Dubourg, Vincent and others},
  journal={Journal of Machine Learning Research},
  volume={12},
  pages={2825--2830},
  year={2011}
}

@article{Cortes1995,
  title={Support-vector networks},
  author={Cortes, Corinna and Vapnik, Vladimir},
  journal={Machine Learning},
  volume={20},
  number={3},
  pages={273--297},
  year={1995},
  doi={10.1007/BF00994018}
}

@article{Breiman2001,
  title={Random forests},
  author={Breiman, Leo},
  journal={Machine Learning},
  volume={45},
  number={1},
  pages={5--32},
  year={2001},
  doi={10.1023/A:1010933404324}
}

@book{Duda2012,
  title={Pattern classification},
  author={Duda, Richard O. and Hart, Peter E. and Stork, David G.},
  year={2012},
  publisher={John Wiley \& Sons},
  edition={2nd}
}

@article{Quinlan1986,
  title={Induction of decision trees},
  author={Quinlan, J. Ross},
  journal={Machine Learning},
  volume={1},
  number={1},
  pages={81--106},
  year={1986},
  doi={10.1007/BF00116251}
}

@book{ElBaz2024,
  title = {Handbook of Texture Analysis: AI-Based Medical Imaging Applications},
  ISBN = {9780367486082},
  url = {http://dx.doi.org/10.1201/9780367486082},
  DOI = {10.1201/9780367486082},
  publisher = {CRC Press},
  author = {El-Baz,  Ayman and Ghazal,  Mohammed and Suri,  Jasjit S.},
  year = {2024},
  month = jun 
}
