@article{Kass1988,
  title = {Snakes: Active contour models},
  volume = {1},
  ISSN = {1573-1405},
  url = {http://dx.doi.org/10.1007/BF00133570},
  DOI = {10.1007/bf00133570},
  number = {4},
  journal = {International Journal of Computer Vision},
  publisher = {Springer Science and Business Media LLC},
  author = {Kass,  Michael and Witkin,  Andrew and Terzopoulos,  Demetri},
  year = {1988},
  month = jan,
  pages = {321â€“331}
}

@misc{scikit-image-active-contours,
  author       = {{Scikit-Image Contributors}},
  title        = {Active Contours},
  howpublished = {\url{https://scikit-image.org/docs/stable/auto\_examples/edges/plot\_active\_contours.html}},
  year         = {2025}
}
