@article{Reinhard2001,
  title = {Color transfer between images},
  volume = {21},
  ISSN = {0272-1716},
  url = {http://dx.doi.org/10.1109/38.946629},
  DOI = {10.1109/38.946629},
  number = {4},
  journal = {IEEE Computer Graphics and Applications},
  publisher = {Institute of Electrical and Electronics Engineers (IEEE)},
  author = {Reinhard,  E. and Adhikhmin,  M. and Gooch,  B. and Shirley,  P.},
  year = {2001},
  pages = {34â€“41}
}
