@inbook{Naidu2023,
  title = {A Review of Evaluation Metrics in Machine Learning Algorithms},
  ISBN = {9783031353147},
  ISSN = {2367-3389},
  url = {http://dx.doi.org/10.1007/978-3-031-35314-7_2},
  DOI = {10.1007/978-3-031-35314-7_2},
  booktitle = {Artificial Intelligence Application in Networks and Systems},
  publisher = {Springer International Publishing},
  author = {Naidu,  Gireen and Zuva,  Tranos and Sibanda,  Elias Mmbongeni},
  year = {2023},
  pages = {15â€“25}
}

 @BOOK{M2006-hn,
  title     = "Pattern Recognition and Machine Learning",
  author    = "M., Christopher",
  publisher = "Springer",
  series    = "Information Science and Statistics",
  edition   =  1,
  month     =  aug,
  year      =  2006,
  address   = "New York, NY",
  language  = "en"
}
@online{PARULAMUSTREAD,
  author = {Parul Singh},
  title = {A Must-Read History of Artificial Intelligence},
  year = 2020,
  url = {https://cyfuture.com/blog/history-of-artificial-intelligence/},
}

@book{ekman2021learning,
  title={Learning Deep Learning: Theory and Practice of Neural Networks, Computer Vision, Natural Language Processing, and Transformers Using TensorFlow},
  author={Ekman, M.},
  isbn={9780137470297},
  url={https://books.google.com.mx/books?id=wNnPEAAAQBAJ},
  year={2021},
  publisher={Pearson Education}
}

@book{haykin2009neural,
  title={Neural Networks and Learning Machines},
  author={Haykin, S.S.},
  number={v. 10},
  isbn={9780131471399},
  lccn={2008034079},
  series={Neural networks and learning machines},
  url={https://books.google.com.mx/books?id=K7P36lKzI_QC},
  year={2009},
  publisher={Prentice Hall}
}

@online{SKLEARN_MLP,
  url={https://scikit-learn.org/stable/modules/generated/sklearn.neural_network.MLPClassifier.html},
  title={MLPClassifier},
  author={scikit-learn},
}

@online{QUARTODOCUMENTATION,
    author = {quarto},
    title = {PDF Options},
    url = {https://quarto.org/docs/reference/formats/pdf.html},
}

@online{QUARTOWELCOME,
    author = {quarto},
    title = {Welcome Page},
    url = {https://quarto.org},
}

@online{QUARTOGUIDE,
    author = {quarto},
    title = {Guide},
    url = {https://quarto.org/docs/guide/},
}
