@article{vaswani2017attention,
  title={Attention is all you need},
  author={Vaswani, Ashish and Shazeer, Noam and Parmar, Niki and Uszkoreit, Jakob and Jones, Llion and Gomez, Aidan N and Kaiser, {\L}ukasz and Polosukhin, Illia},
  journal={Advances in neural information processing systems},
  volume={30},
  year={2017},
  note={The seminal paper introducing the Transformer architecture.}
}

@article{lecun2015deep,
  title={Deep learning},
  author={LeCun, Yann and Bengio, Yoshua and Hinton, Geoffrey},
  journal={nature},
  volume={521},
  number={7553},
  pages={436--444},
  year={2015},
  publisher={Nature Publishing Group},
  note={A foundational review of deep learning, covering CNNs, RNNs, and the core concepts.}
}

@article{rumelhart1986learning,
  title={Learning representations by back-propagating errors},
  author={Rumelhart, David E and Hinton, Geoffrey E and Williams, Ronald J},
  journal={nature},
  volume={323},
  number={6088},
  pages={533--536},
  year={1986},
  publisher={Nature Publishing Group},
  note={The classic paper on the backpropagation algorithm for training Feedforward Neural Networks.}
}

@article{hochreiter1997long,
  title={Long short-term memory},
  author={Hinton, Geoffrey and others},
  journal={Neural computation},
  volume={9},
  number={8},
  pages={1735--1780},
  year={1997},
  publisher={MIT Press},
  note={The original paper introducing the LSTM architecture.}
}

@article{goodfellow2014generative,
  title={Generative adversarial nets},
  author={Goodfellow, Ian and Pouget-Abadie, Jean and Mirza, Mehdi and Xu, Bing and Warde-Farley, David and Ozair, Sherjil and Courville, Aaron and Bengio, Yoshua},
  journal={Advances in neural information processing systems},
  volume={27},
  year={2014},
  note={The seminal paper introducing Generative Adversarial Networks (GANs).}
}

@article{kingma2013auto,
  title={Auto-encoding variational bayes},
  author={Kingma, Diederik P and Welling, Max},
  journal={arXiv preprint arXiv:1312.6114},
  year={2013},
  note={The paper introducing the Variational Autoencoder (VAE).}
}

@article{dosovitskiy2020image,
  title={An image is worth 16x16 words: Transformers for image recognition at scale},
  author={Dosovitskiy, Alexey and Beyer, Lucas and Kolesnikov, Alexander and Weissenborn, Dirk and Zhai, Xiaohua and Unterthiner, Thomas and Dehghani, Mostafa and Minderer, Matthias and Heigold, Georg and Gelly, Sylvain and others},
  journal={arXiv preprint arXiv:2010.11929},
  year={2020},
  note={Introduces the Vision Transformer (ViT), applying the Transformer architecture to image classification.}
}

@article{ronneberger2015u,
  title={U-net: Convolutional networks for biomedical image segmentation},
  author={Ronneberger, Olaf and Fischer, Philipp and Brox, Thomas},
  journal={In Medical Image Computing and Computer-Assisted Intervention--MICCAI 2015: 18th International Conference, Munich, Germany, October 5-9, 2015, Proceedings, Part III 18},
  pages={234--241},
  year={2015},
  publisher={Springer},
  note={Presents the U-Net architecture, a cornerstone for image segmentation tasks.}
}

@article{he2016deep,
  title={Deep residual learning for image recognition},
  author={He, Kaiming and Zhang, Xiangyu and Ren, Shaoqing and Sun, Jian},
  journal={In Proceedings of the IEEE conference on computer vision and pattern recognition},
  pages={770--778},
  year={2016},
  note={Introduces the ResNet architecture with skip connections, enabling the training of very deep CNNs.}
}

@article{chollet2017xception,
  title={Xception: Deep learning with depthwise separable convolutions},
  author={Chollet, Fran{\c{c}}ois},
  journal={In Proceedings of the IEEE conference on computer vision and pattern recognition},
  pages={1251--1258},
  year={2017},
  note={An influential paper on efficient CNN architectures, relevant for understanding modern design principles.}
}

@article{Xiao2022,
  title = {Meta-ANN â€“ A dynamic artificial neural network refined by meta-learning for Short-Term Load Forecasting},
  volume = {246},
  ISSN = {0360-5442},
  url = {http://dx.doi.org/10.1016/j.energy.2022.123418},
  DOI = {10.1016/j.energy.2022.123418},
  journal = {Energy},
  publisher = {Elsevier BV},
  author = {Xiao,  Xun and Mo,  Huadong and Zhang,  Yinan and Shan,  Guangcun},
  year = {2022},
  month = may,
  pages = {123418}
}
